@article{ammad2014integrative,
	title={Integrative and personalized QSAR analysis in cancer by kernelized Bayesian matrix factorization},
	author={Ammad-Ud-Din, Muhammad and Georgii, Elisabeth and Gonen, Mehmet and Laitinen, Tuomo and Kallioniemi, Olli and Wennerberg, Krister and Poso, Antti and Kaski, Samuel},
	journal={Journal of chemical information and modeling},
	volume={54},
	number={8},
	pages={2347--2359},
	year={2014},
	publisher={ACS Publications}
}

@article{sun202290,
	title={Why 90\% of clinical drug development fails and how to improve it?},
	author={Sun, Duxin and Gao, Wei and Hu, Hongxiang and Zhou, Simon},
	journal={Acta Pharmaceutica Sinica B},
	volume={12},
	number={7},
	pages={3049--3062},
	year={2022},
	publisher={Elsevier}
}

@article{araujo2018interdisciplinarity,
	title={The interdisciplinarity in drug Discovery},
	author={Ara{\'u}jo, CRM and Santos, VLA and Guimar{\~a}es, DG and Gonsalves, AA},
	journal={J Anal Pharm Res},
	volume={7},
	number={2},
	pages={222--4},
	year={2018}
}

@article{article,
	author = {Yu, Chai Xin and Tham, Chau},
	year = {2024},
	month = {06},
	pages = {},
	title = {Drug discovery and development: A historical overview, current challenges and perspectives},
	volume = {8},
	journal = {Life Sciences, Medicine and Biomedicine},
	doi = {10.28916/lsmb.8.1.2024.137}
}


@Article{ijms19061578,
	AUTHOR = {Thomford, Nicholas Ekow and Senthebane, Dimakatso Alice and Rowe, Arielle and Munro, Daniella and Seele, Palesa and Maroyi, Alfred and Dzobo, Kevin},
	TITLE = {Natural Products for Drug Discovery in the 21st Century: Innovations for Novel Drug Discovery},
	JOURNAL = {International Journal of Molecular Sciences},
	VOLUME = {19},
	YEAR = {2018},
	NUMBER = {6},
	ARTICLE-NUMBER = {1578},
	URL = {https://www.mdpi.com/1422-0067/19/6/1578},
	PubMedID = {29799486},
	ISSN = {1422-0067},
	DOI = {10.3390/ijms19061578}
}

@article{sellamuthu2023analog,
	title={Analog-based Design and Development of Novel Molecules as Anti-tubercular Agents},
	author={Sellamuthu, Satheeshkumar and Sellapan, Mohan and Kandasamy, CS and Kumar, Dileep and Kasimayan, Kavitha and Manickavasagam, Sasikala},
	journal={Ind. J. Pharm. Edu. Res},
	volume={57},
	number={1s},
	pages={s105--s113},
	year={2023}
}

@article{pinzi2024drug,
	title={How drug repurposing can advance drug discovery: challenges and opportunities},
	author={Pinzi, Luca and Bisi, Nicol{\`o} and Rastelli, Giulio},
	journal={Frontiers in Drug Discovery},
	volume={4},
	pages={1460100},
	year={2024},
	publisher={Frontiers Media SA}
}

@article{martis2011highHTS,
	title={High-throughput screening: the hits and leads of drug discovery-an overview},
	author={Martis, EA and Radhakrishnan, R and Badve, RR},
	journal={Journal of Applied Pharmaceutical Science},
	number={Issue},
	pages={02--10},
	year={2011}
}

@article{chen2025fragment,
	title={Fragment-based drug discovery for transthyretin kinetic stabilisers using a novel capillary zone electrophoresis method},
	author={Chen, Wenjie},
	journal={PloS one},
	volume={20},
	number={5},
	pages={e0323816},
	year={2025},
	publisher={Public Library of Science San Francisco, CA USA}
}

@article{batool2019structure,
	title={A structure-based drug discovery paradigm},
	author={Batool, Maria and Ahmad, Bilal and Choi, Sangdun},
	journal={International journal of molecular sciences},
	volume={20},
	number={11},
	pages={2783},
	year={2019},
	publisher={MDPI}
}

@article{schaduangrat2020CDD,
	title={Towards reproducible computational drug discovery},
	author={Schaduangrat, Nalini and Lampa, Samuel and Simeon, Saw and Gleeson, Matthew Paul and Spjuth, Ola and Nantasenamat, Chanin},
	journal={Journal of cheminformatics},
	volume={12},
	pages={1--30},
	year={2020},
	publisher={Springer}
}

@article{garaci2024PDD,
	title={Phenotypic drug discovery: a case for thymosin alpha-1},
	author={Garaci, Enrico and Paci, Maurizio and Matteucci, Claudia and Costantini, Claudio and Puccetti, Paolo and Romani, Luigina},
	journal={Frontiers in Medicine},
	volume={11},
	pages={1388959},
	year={2024},
	publisher={Frontiers Media SA}
}

@article{cereto2015MF,
	title={Molecular fingerprint similarity search in virtual screening},
	author={Cereto-Massagu{\'e}, Adri{\`a} and Ojeda, Mar{\'\i}a Jos{\'e} and Valls, Cristina and Mulero, Miquel and Garcia-Vallv{\'e}, Santiago and Pujadas, Gerard},
	journal={Methods},
	volume={71},
	pages={58--63},
	year={2015},
	publisher={Elsevier}
}

@article{keith2021qSAR,
	title={Combining machine learning and computational chemistry for predictive insights into chemical systems},
	author={Keith, John A and Vassilev-Galindo, Valentin and Cheng, Bingqing and Chmiela, Stefan and Gastegger, Michael and Muller, Klaus-Robert and Tkatchenko, Alexandre},
	journal={Chemical reviews},
	volume={121},
	number={16},
	pages={9816--9872},
	year={2021},
	publisher={ACS Publications}
}

@article{morgan1965generation,
	title={The generation of a unique machine description for chemical structures-a technique developed at chemical abstracts service.},
	author={Morgan, Harry L},
	journal={Journal of chemical documentation},
	volume={5},
	number={2},
	pages={107--113},
	year={1965},
	publisher={ACS Publications}
}

@article{rogers2010extended,
	title={Extended-connectivity fingerprints},
	author={Rogers, David and Hahn, Mathew},
	journal={Journal of chemical information and modeling},
	volume={50},
	number={5},
	pages={742--754},
	year={2010},
	publisher={ACS Publications}
}

@article{christie1990MACCS,
	title={Database structure and searching in MACCS-3D},
	author={Christie, Bradley D and Henry, Douglas R and Wipke, W Todd and Moock, Thomas E},
	journal={Tetrahedron Computer Methodology},
	volume={3},
	number={6},
	pages={653--664},
	year={1990},
	publisher={Elsevier}
}

@article{gao2023uni-qsar,
	title={Uni-qsar: an auto-ml tool for molecular property prediction},
	author={Gao, Zhifeng and Ji, Xiaohong and Zhao, Guojiang and Wang, Hongshuai and Zheng, Hang and Ke, Guolin and Zhang, Linfeng},
	journal={arXiv preprint arXiv:2304.12239},
	year={2023}
}

@article{gomatam2024SMOTE,
	title={Improved QSAR models for PARP-1 inhibition using data balancing, interpretable machine learning, and matched molecular pair analysis},
	author={Gomatam, Anish and Hirlekar, Bhakti Umesh and Singh, Krishan Dev and Murty, Upadhyayula Suryanarayana and Dixit, Vaibhav A},
	journal={Molecular Diversity},
	volume={28},
	number={4},
	pages={2135--2152},
	year={2024},
	publisher={Springer}
}

@article{zhou2024dataquality,
	title={A survey on data quality dimensions and tools for machine learning},
	author={Zhou, Yuhan and Tu, Fengjiao and Sha, Kewei and Ding, Junhua and Chen, Haihua},
	journal={arXiv preprint arXiv:2406.19614},
	year={2024}
}

@misc{SML-formulas,
	author       = {Afshine Amidi and Shervine Amidi},
	title        = {CS229 Supervised Learning Cheatsheet},
	year         = {2020},
	howpublished = {\url{https://stanford.edu/~shervine/teaching/cs-229/cheatsheet-supervised-learning}},
}

@article{ChEMBL2023,
	author    = {Zdrazil, Barbara and Felix, Eva and Hunter, Fiona and Manners, Eleanor J. and Blackshaw, Jill and Corbett, Sarah and Hersey, Alice and Ramos, Remedios and Leach, Andrew R.},
	title     = {{The ChEMBL Database in 2023: A Drug Discovery Platform Spanning Multiple Bioactivity Data Types and Time Periods}},
	journal   = {Nucleic Acids Research},
	year      = {2023},
	doi       = {10.1093/nar/gkad1004},
	url       = {https://doi.org/10.1093/nar/gkad1004}
}
@misc{Cytion_HCT116,
	author       = {{Cytion}},
	title        = {HCT116 Cell Line: A Comprehensive Guide to Colorectal Cancer Research},
	year         = {2025},
	note = {\url{https://www.cytion.com/Knowledge-Hub/Cell-Line-Insights/HCT116-Cell-Line-A-Comprehensive-Guide-to-Colorectal-Cancer-Research/}},
}